@article{ahmed2011third,
  title={A third order accurate fast marching method for the eikonal equation in two dimensions},
  author={Ahmed, Shahnawaz and Bak, Stanley and McLaughlin, Joyce and Renzi, Daniel},
  journal={SIAM Journal on Scientific Computing},
  volume={33},
  number={5},
  pages={2402--2420},
  year={2011},
  publisher={SIAM}
}

@article{bak2010some,
  title={Some improvements for the fast sweeping method},
  author={Bak, Stanley and McLaughlin, Joyce and Renzi, Daniel},
  journal={SIAM Journal on Scientific Computing},
  volume={32},
  number={5},
  pages={2853--2874},
  year={2010},
  publisher={SIAM}
}

@article{bertsekas1993simple,
  title={A simple and fast label correcting algorithm for shortest paths},
  author={Bertsekas, Dimitri P},
  journal={Networks},
  volume={23},
  number={8},
  pages={703--709},
  year={1993},
  publisher={Wiley Online Library}
}

@TECHREPORT{blelloch90prefixsums,
	author = {Guy E. Blelloch},
	title = {Prefix Sums and Their Applications},
	institution = {Synthesis of Parallel Algorithms},
	year = {1990}
}

@article{blelloch2016parallel,
  title={Parallel shortest-paths using radius stepping},
  author={Blelloch, Guy E and Gu, Yan and Sun, Yihan and Tangwongsan, Kanat},
  journal={arXiv preprint arXiv:1602.03881},
  year={2016}
}

@article{chacon2012fast,
	title={Fast two-scale methods for eikonal equations},
	author={Chacon, Adam and Vladimirsky, Alexander},
	journal={SIAM Journal on Scientific Computing},
	volume={34},
	number={2},
	pages={A547--A578},
	year={2012},
	publisher={SIAM}
}

@article{chacon2014parallel,
  title={A parallel heap-cell method for eikonal equations},
  author={Chacon, Adam and Vladimirsky, Alexander},
  journal={arXiv preprint arXiv:1306.4743},
  year={2013}
}

@article{clawson2014causal,
  title={Causal domain restriction for eikonal equations},
  author={Clawson, Zachary and Chacon, Adam and Vladimirsky, Alexander},
  journal={SIAM Journal on Scientific Computing},
  volume={36},
  number={5},
  pages={A2478--A2505},
  year={2014},
  publisher={SIAM}
}

@article{detrixhe2013parallel,
  title={A parallel fast sweeping method for the eikonal equation},
  author={Detrixhe, Miles and Gibou, Fr{\'e}d{\'e}ric and Min, Chohong},
  journal={Journal of Computational Physics},
  volume={237},
  pages={46--55},
  year={2013},
  publisher={Elsevier}
}

@article{detrixhe2016hybrid,
  title={Hybrid massively parallel fast sweeping method for static Hamilton--Jacobi equations},
  author={Detrixhe, Miles and Gibou, Fr{\'e}d{\'e}ric},
  journal={Journal of Computational Physics},
  volume={322},
  pages={199--223},
  year={2016},
  publisher={Elsevier}
}

@inproceedings{gillberg2011semi,
  title={A semi-ordered fast iterative method (SOFI) for monotone front propagation in simulations of geological folding},
  author={Gillberg, Tor},
  booktitle={MODSIM2011, 19th International Congress on Modelling and Simulation},
  pages={641--647},
  year={2011}
}

@article{gillberg2012new,
  title={A new parallel 3D front propagation algorithm for fast simulation of geological folds},
  author={Gillberg, Tor and Sourouri, Mohammed and Cai, Xing},
  journal={Procedia Computer Science},
  volume={9},
  pages={947--955},
  year={2012},
  publisher={Elsevier}
}

@article{gomez2015fast,
  title={Fast methods for eikonal equations: an experimental survey},
  author={Gomez, Javier V and Alvarez, David and Garrido, Santiago and Moreno, Luis},
  journal={arXiv preprint arXiv:1506.03771},
  year={2015}
}

@article{hong2016multi,
  title={A Multi-GPU Fast Iterative Method for Eikonal Equations Using On-the-fly Adaptive Domain Decomposition},
  author={Hong, Sumin and Jeong, Won-Ki},
  journal={Procedia Computer Science},
  volume={80},
  pages={190--200},
  year={2016},
  publisher={Elsevier}
}

@article{jeong2008fast,
  title={A fast iterative method for eikonal equations},
  author={Jeong, Won-Ki and Whitaker, Ross T},
  journal={SIAM Journal on Scientific Computing},
  volume={30},
  number={5},
  pages={2512--2534},
  year={2008},
  publisher={SIAM}
}

@article{kim2001levelset,
	title={An O(N) Level Set Method for Eikonal Equations},
	author={Kim, Seongjai},
	journal={SIAM journal on scientific computing},
	volume={22},
	number={6},
	pages={2178--2193},
	year={2001},
	publisher={SIAM}
}

@article{mateti1982parallel,
  title={Parallel algorithms for the single source shortest path problem},
  author={Mateti, Prabhaker and Deo, Narsingh},
  journal={Computing},
  volume={29},
  number={1},
  pages={31--49},
  year={1982},
  publisher={Springer}
}

@article{mirzadeh2016parallel,
  title={Parallel level-set methods on adaptive tree-based grids},
  author={Mirzadeh, Mohammad and Guittet, Arthur and Burstedde, Carsten and Gibou, Frederic},
  journal={Journal of Computational Physics},
  volume={322},
  pages={345--364},
  year={2016},
  publisher={Elsevier}
}

@article{murman2015development,
  title={Development of a Spectral-Element Approach for the Eikonal Equation},
  author={Murman, Scott M and Diosady, Laslo T}
}

@article{qian2007fast,
  title={A fast sweeping method for static convex Hamilton--Jacobi equations},
  author={Qian, Jianliang and Zhang, Yong-Tao and Zhao, Hong-Kai},
  journal={Journal of Scientific Computing},
  volume={31},
  number={1},
  pages={237--271},
  year={2007},
  publisher={Springer}
}

@article{rouy1992viscosity,
	title={A viscosity solutions approach to shape-from-shading},
	author={Rouy, Elisabeth and Tourin, Agn{\`e}s},
	journal={SIAM Journal on Numerical Analysis},
	volume={29},
	number={3},
	pages={867--884},
	year={1992},
	publisher={SIAM}
}

@article{sethian1996fast,
	title={A fast marching level set method for monotonically advancing fronts},
	author={Sethian, James A},
	journal={Proceedings of the National Academy of Sciences},
	volume={93},
	number={4},
	pages={1591--1595},
	year={1996},
	publisher={National Acad Sciences}
}

@article{sethian2003fast,
  title={Fast algorithms for optimal control, anisotropic front propagation and multiple arrivals},
  author={Sethian, JA},
  journal={arXiv preprint math/0305130},
  year={2003}
}

@article{thorup1999undirected,
  title={Undirected single-source shortest paths with positive integer weights in linear time},
  author={Thorup, Mikkel},
  journal={Journal of the ACM (JACM)},
  volume={46},
  number={3},
  pages={362--394},
  year={1999},
  publisher={ACM}
}

@article{tsitsiklis1995efficient,
	title={Efficient algorithms for globally optimal trajectories},
	author={Tsitsiklis, John N},
	journal={IEEE Transactions on Automatic Control},
	volume={40},
	number={9},
	pages={1528--1538},
	year={1995},
	publisher={IEEE}
}

@article{weber2008parallel,
  title={Parallel algorithms for approximation of distance maps on parametric surfaces},
  author={Weber, Ofir and Devir, Yohai S and Bronstein, Alexander M and Bronstein, Michael M and Kimmel, Ron},
  journal={ACM Transactions on Graphics (TOG)},
  volume={27},
  number={4},
  pages={104},
  year={2008},
  publisher={ACM}
}

@article{weinbub2016comparison,
  title={Comparison of the Parallel Fast Marching Method, the Fast Iterative Method, and the Parallel Semi-Ordered Fast Iterative Method},
  author={Weinbub, Josef and Hoessinger, Andreas},
  journal={Procedia Computer Science},
  volume={80},
  pages={2271--2275},
  year={2016},
  publisher={Elsevier}
}


@inproceedings{weinbub2016shared,
  title={Shared-memory parallelization of the fast marching method using an overlapping domain-decomposition approach},
  author={Weinbub, Josef and H{\"o}ssinger, Andreas},
  booktitle={Proceedings of the 24th High Performance Computing Symposium},
  pages={18},
  year={2016},
  organization={Society for Computer Simulation International}
}

@article{yatziv2006n,
  title={O (N) implementation of the fast marching algorithm},
  author={Yatziv, Liron and Bartesaghi, Alberto and Sapiro, Guillermo},
  journal={Journal of computational physics},
  volume={212},
  number={2},
  pages={393--399},
  year={2006},
  publisher={Elsevier}
}

@article{zhao2005fast,
	title={A fast sweeping method for eikonal equations},
	author={Zhao, Hongkai},
	journal={Mathematics of computation},
	volume={74},
	number={250},
	pages={603--627},
	year={2005}
}

@inproceedings{zhou2015massively,
 author = {Zhou, Yichao and Zeng, Jianyang},
 title = {Massively Parallel a* Search on a GPU},
 booktitle = {Proceedings of the Twenty-Ninth AAAI Conference on Artificial Intelligence},
 series = {AAAI'15},
 year = {2015},
 isbn = {0-262-51129-0},
 location = {Austin, Texas},
 pages = {1248--1254},
 numpages = {7},
 url = {http://dl.acm.org/citation.cfm?id=2887007.2887180},
 acmid = {2887180},
 publisher = {AAAI Press},
} 



